<?xml version = "1.0" encoding = "UTF-8"?><OAI-PMH xmlns="http://www.openarchives.org/OAI/2.0/" xmlns:xsi="http://www.w3.org/2001/XMLSchema-instance" xsi:schemaLocation="http://www.openarchives.org/OAI/2.0/ http://www.openarchives.org/OAI/2.0/OAI-PMH.xsd"><ListRecords><record><header><identifier>aleph-publish:017408047</identifier></header><metadata><record xmlns="http://www.ddb.de/professionell/mabxml/mabxml-1.xsd"><leader>------M2.01200024------u</leader><controlfield tag="LDR">------M2.01200024------u</controlfield><controlfield tag="FMT">MU</controlfield><datafield tag="001" ind1="-" ind2="1"><subfield code="a">HT015891797</subfield></datafield><datafield tag="001" ind1="-" ind2="2"><subfield code="a">HT015845132</subfield></datafield><datafield tag="002" ind1="a" ind2="1"><subfield code="a">20090407</subfield></datafield><datafield tag="002" ind1="b" ind2="2"><subfield code="a">20090225</subfield></datafield><datafield tag="003" ind1="-" ind2="1"><subfield code="a">20090817</subfield></datafield><datafield tag="003" ind1="-" ind2="2"><subfield code="a">20110131</subfield></datafield><datafield tag="010" ind1="-" ind2="1"><subfield code="a">HT015845132</subfield></datafield><datafield tag="025" ind1="o" ind2="1"><subfield code="a">1074451278</subfield></datafield><datafield tag="025" ind1="o" ind2="2"><subfield code="a">1073270304</subfield></datafield><datafield tag="026" ind1="-" ind2="1"><subfield code="a">HBZHT015891797</subfield></datafield><datafield tag="026" ind1="-" ind2="2"><subfield code="a">HBZHT015845132</subfield></datafield><controlfield tag="030">a|1uc||||||||</controlfield><datafield tag="036" ind1="a" ind2="2"><subfield code="a">DE</subfield></datafield><datafield tag="037" ind1="b" ind2="2"><subfield code="a">ger</subfield></datafield><controlfield tag="050">a|||||||||||||</controlfield><datafield tag="064" ind1="a" ind2="2"><subfield code="a">Quelle</subfield><subfield code="9">(DE-588)4135952-5</subfield></datafield><datafield tag="070" ind1="-" ind2="1"><subfield code="a">61</subfield></datafield><datafield tag="070" ind1="-" ind2="2"><subfield code="a">385</subfield></datafield><datafield tag="070" ind1="b" ind2="1"><subfield code="a">468</subfield></datafield><datafield tag="070" ind1="b" ind2="2"><subfield code="a">929</subfield></datafield><datafield tag="078" ind1="n" ind2="1"><subfield code="a">NWBib-61</subfield></datafield><datafield tag="078" ind1="n" ind2="2"><subfield code="a">NWBib-61</subfield></datafield><datafield tag="080" ind1="-" ind2="1"><subfield code="a">60</subfield></datafield><datafield tag="080" ind1="-" ind2="2"><subfield code="a">60</subfield></datafield><controlfield tag="089">2</controlfield><datafield tag="090" ind1="-" ind2="1"><subfield code="a">2</subfield></datafield><datafield tag="100" ind1="-" ind2="2"><subfield code="p">Adenauer, Konrad</subfield><subfield code="d">1876-1967</subfield><subfield code="9">(DE-588)11850066X</subfield></datafield><datafield tag="101" ind1="-" ind2="2"><subfield code="p">Adenauer, Konrad Hermann Joseph</subfield><subfield code="d">1876-1967</subfield></datafield><datafield tag="101" ind1="-" ind2="2"><subfield code="p">Adenauer</subfield><subfield code="d">1876-1967</subfield></datafield><datafield tag="104" ind1="b" ind2="2"><subfield code="p">Mensing, Hans Peter</subfield><subfield code="d">1942-</subfield><subfield code="b">[Bearb.]</subfield><subfield code="9">(DE-588)109702662</subfield></datafield><datafield tag="300" ind1="-" ind2="2"><subfield code="a">Sammlung</subfield></datafield><datafield tag="331" ind1="-" ind2="1"><subfield code="a">September 1965 - April 1967</subfield></datafield><datafield tag="331" ind1="-" ind2="2"><subfield code="a">&lt;&lt;Die&gt;&gt; letzten Lebensjahre, 1963 - 1967</subfield></datafield><datafield tag="335" ind1="-" ind2="2"><subfield code="a">Briefe und Aufzeichnungen, Gespräche, Interviews und Reden</subfield></datafield><datafield tag="359" ind1="-" ind2="2"><subfield code="a">Adenauer. Bearb. von Hans Peter Mensing</subfield></datafield><datafield tag="403" ind1="-" ind2="2"><subfield code="a">Rhöndorfer Ausg.</subfield></datafield><datafield tag="410" ind1="-" ind2="2"><subfield code="a">Paderborn [u.a.]</subfield></datafield><datafield tag="412" ind1="-" ind2="2"><subfield code="a">Schöningh</subfield></datafield><datafield tag="425" ind1="b" ind2="2"><subfield code="a">2009</subfield></datafield><datafield tag="425" ind1="a" ind2="1"><subfield code="a">2009</subfield></datafield><datafield tag="433" ind1="-" ind2="1"><subfield code="a">670 S. : Ill.</subfield></datafield><datafield tag="451" ind1="-" ind2="2"><subfield code="a">Adenauer</subfield></datafield><datafield tag="453" ind1="-" ind2="2"><subfield code="a">HT002786685</subfield></datafield><datafield tag="455" ind1="-" ind2="2"><subfield code="a">&lt;letzten&gt;</subfield></datafield><datafield tag="456" ind1="-" ind2="2"><subfield code="a">letzten</subfield></datafield><datafield tag="540" ind1="a" ind2="2"><subfield code="a">978-3-506-76776-9</subfield></datafield><datafield tag="655" ind1="e" ind2="1"><subfield code="m">V:DE-605;X:Imageware</subfield><subfield code="q">application/pdf</subfield><subfield code="u">http://digitale-objekte.hbz-nrw.de/storage2/2018/04/30/file_32/7648695.pdf</subfield><subfield code="3">Inhaltsverzeichnis</subfield><subfield code="A">2</subfield></datafield><datafield tag="700" ind1="l" ind2="1"><subfield code="a">610</subfield></datafield><datafield tag="700" ind1="l" ind2="2"><subfield code="a">610</subfield></datafield><datafield tag="700" ind1="n" ind2="2"><subfield code="a">Köln</subfield><subfield code="0">https://nwbib.de/spatial#Q365</subfield></datafield><datafield tag="700" ind1="n" ind2="2"><subfield code="a">Politiker</subfield><subfield code="0">https://nwbib.de/subjects#N406130</subfield></datafield><datafield tag="700" ind1="n" ind2="2"><subfield code="a">Quellen</subfield><subfield code="0">https://nwbib.de/subjects#N240100</subfield></datafield><datafield tag="902" ind1="-" ind2="2"><subfield code="p">Adenauer, Konrad</subfield><subfield code="d">1876-1967</subfield><subfield code="9">(DE-588)11850066X</subfield></datafield><datafield tag="902" ind1="-" ind2="2"><subfield code="z">Geschichte 1963-1967</subfield></datafield><controlfield tag="SYS">017408047</controlfield><datafield tag="LOW" ind1="-" ind2="1"><subfield code="a">R0001</subfield></datafield><datafield tag="LOW" ind1="-" ind2="1"><subfield code="a">T0010</subfield></datafield><datafield tag="LOW" ind1="-" ind2="1"><subfield code="a">L0001</subfield></datafield><datafield tag="LOW" ind1="-" ind2="1"><subfield code="a">K0001</subfield></datafield><datafield tag="LOW" ind1="-" ind2="1"><subfield code="a">R0003</subfield></datafield><datafield tag="LOW" ind1="-" ind2="1"><subfield code="a">Q1037</subfield></datafield><datafield tag="LOW" ind1="-" ind2="1"><subfield code="a">K1119</subfield></datafield><datafield tag="952" ind1="-" ind2="2"><subfield code="p">Adenauer, Konrad Hermann Joseph</subfield><subfield code="d">1876-1967</subfield></datafield><datafield tag="952" ind1="-" ind2="2"><subfield code="p">Adenauer</subfield><subfield code="d">1876-1967</subfield></datafield><datafield tag="088" ind1=" " ind2=" "><subfield code="a">5/162</subfield><subfield code="b">00052000</subfield><subfield code="c">Sb A 77 (2)</subfield><subfield code="e">keine ILL</subfield></datafield><datafield tag="088" ind1=" " ind2=" "><subfield code="a">929</subfield><subfield code="b">00000000</subfield><subfield code="c">2009/1681:2</subfield><subfield code="e">ILL Ausleihe</subfield></datafield><datafield tag="088" ind1=" " ind2=" "><subfield code="a">38</subfield><subfield code="b">00000001</subfield><subfield code="c">4E1244-18</subfield><subfield code="e">ILL Ausleihe</subfield></datafield><datafield tag="088" ind1=" " ind2=" "><subfield code="a">51</subfield><subfield code="b">00000000</subfield><subfield code="c">LRKA 101-S,4,2</subfield><subfield code="e">ILL Ausleihe</subfield></datafield><datafield tag="088" ind1=" " ind2=" "><subfield code="a">107</subfield><subfield code="b">00001000</subfield><subfield code="c">9.1191/10,2</subfield><subfield code="e">ILL Ausleihe</subfield></datafield><datafield tag="088" ind1=" " ind2=" "><subfield code="a">38/420</subfield><subfield code="b">00420001</subfield><subfield code="c">420/La1200:3-1963/67,2</subfield><subfield code="e">keine ILL</subfield></datafield><datafield tag="088" ind1=" " ind2=" "><subfield code="a">385</subfield><subfield code="b">38</subfield><subfield code="c">AL.A/sb21613L-2</subfield><subfield code="e">Normalausleihe</subfield></datafield><datafield tag="088" ind1=" " ind2=" "><subfield code="a">468</subfield><subfield code="b">41</subfield><subfield code="c">OTSA1188-2</subfield><subfield code="e">ausleihbar</subfield></datafield><datafield tag="088" ind1=" " ind2=" "><subfield code="a">6</subfield><subfield code="c">3F 80610-2</subfield><subfield code="e">keine Angabe</subfield></datafield><datafield tag="088" ind1=" " ind2=" "><subfield code="a">Sie 5</subfield><subfield code="c">82 = 4385</subfield><subfield code="e">keine Angabe</subfield></datafield><datafield tag="088" ind1=" " ind2=" "><subfield code="a">466</subfield><subfield code="c">LRKA1281-2</subfield><subfield code="e">keine Angabe</subfield></datafield><datafield tag="088" ind1=" " ind2=" "><subfield code="a">121</subfield><subfield code="c">09 A 756</subfield><subfield code="e">10</subfield></datafield><datafield tag="088" ind1=" " ind2=" "><subfield code="a">465</subfield><subfield code="b">E11</subfield><subfield code="c">LRKA1168-1,10,2</subfield><subfield code="e">Ausleihbestand</subfield></datafield><datafield tag="088" ind1=" " ind2=" "><subfield code="a">61</subfield><subfield code="b">02P</subfield><subfield code="c">hisi430.a232(2)</subfield><subfield code="e">Praesenzbestand</subfield></datafield><datafield tag="700" ind1=" " ind2="9"><subfield code="a">38=AL</subfield><subfield code="2">T0011</subfield></datafield></record></metadata></record></ListRecords></OAI-PMH>